@article{NetflixCDN,
        author = "V. K. Adhikari, Y. Guo, F. Hao, M. Varvello",
        title = "Unreeling Netflix: Understanding and Improving Multi-CDN Movie Delivery",
}

@article{AkamaiCDN,
        author = "Nygren, Erik Sitaraman, Ramesh K. Sun, Jennifer",
        title = "The Akamai network: a platform for high-performance internet applications",
        journal = "SIGOPS Oper. Syst. Rev.",
        volume = "44", 
        pages = "2-19",
        year = "2010"
}

@article{VarnApacheReverse,
        author = "Bakhtiyari, Shahab",
        title = "Performance Evaluation of the Apache Traffic Server and Varnish Reverse Proxies",
        year = "2012"
}

@ONLINE{ats_site,
    author = {Apache inc.},
    title = { Apache Traffic Server Documentation},
    url = {https://docs.trafficserver.apache.org}
}


@ONLINE{GuApacheTrafficUri,
    author = {Yahoo inc.},
    title = { Yahoo's Cloud Team Open Sources Traffic Server},
    month = nov,
    year = {2009},
    url = {http://ostatic.com/blog/guest-post-yahoos-cloud-team-open-sources-traffic-server}
}

@ONLINE{Nodejs,
    author = {Node js inc.},
    title = { Node.js asynchronous server side framework documentation},
    url = {https://nodejs.org/documentation}
}


@article{CDNOverview,
        author = "Pathan, Al-mukaddim Khan Buyya, Rajkumar",
        title = "A Taxonomy and Survey of Content Delivery Networks",
        journal = "Grid Computing and Distributed Systems GRIDS Laboratory University of Melbourne Parkville Australia",
        volume = "148", 
        pages = "1-44",
        year = "2006"
}

@article{WebCachingInterior,
        author = "Gadde, S. Chase, J. Rabinovich, M.",
        title = "Web caching and content distribution: A view from the interior",
        journal = "Computer Communications",
        volume = "24", 
        pages = "222-231",
        year = "2001"
}

@article{DesignPatterns,
        author = "Gamma, Erich Helm, Richard Johnson, Ralph E. Vlissides, John",
        title = "Design patterns: elements of reusable object-oriented software",
        year = "1995"
}

@article{WWWCaching,
        author = "Barish, Greg Obraczka, Katia Way, Admiralty Rey, Marina",
        title = "World Wide Web Caching: Trends and Techniques"
}

@article{DynamicWebCaching,
        author = "Copeland, George Mcclain, Matt",
        title = "Web Caching With Dynamic Content"
}

@misc{RFC7234,
  author = "R. Fielding, M. Nottingham, J. Reschke",
  year = "2014",
  title = "RFC 7234: Hypertext Transfer Protocol (HTTP/1.1): Caching",
}

@article{ScalableWebCache,
        author = "Haobo Yu, Lee Breslau",
        title = "A Scalable Web Consistency Architecture"
}

@unpublished{Simpson,
        author = "H. Simpson",
        title = "Proof of the {R}iemann {H}ypothesis",
        note = "preprint (2003), available at 
        \texttt{http://www.math.drofnats.edu/riemann.ps}",
}

@incollection{Er01,
        author = "P. Erd{\H o}s",
        title = "A selection of problems and results in combinatorics",
        booktitle = "Recent trends in combinatorics (Matrahaza, 1995)",
        publisher = "Cambridge Univ. Press",
        address = "Cambridge",
        pages = "1--6"
}
